@article{conway,
    author = "Martin Gardner",
    title = "The Fantastic Combinations of John Conway’s New Solitaire Game Life",
    journal = "Scientific American",
    year = "1970",
    pages = "120--123",
    volume = "223"
}

@article{argos,
    author = "Carlo Pinciroli and Vito Trianni",
    title = "ARGoS: a Modular, Multi-Engine Simulator for Heterogeneous Swarm Robotics",
    journal = "2011 IEEE/RSJ International Conference on Intelligent Robots and Systems",
    year = "2011"
}

@article{webots,
    author = {Olivier Michel},
    title ={Cyberbotics Ltd. Webots™: Professional Mobile Robot Simulation},
    journal = {International Journal of Advanced Robotic Systems},
    volume = {1},
    number = {1},
    pages = {5},
    year = {2004},
    doi = {10.5772/5618},
    URL = "https://doi.org/10.5772/5618"
}

@article{usarsim,
    author = {Carpin, Stefano and Lewis, Michael and Wang, Jijun and Balakirsky, Stephen and Scrapper, Chris},
    year = {2007},
    month = {05},
    pages = {1400 - 1405},
    title = {USARSim: a robot simulator for research and education}
}

@article{gazebo,
    author = "Koenig, N and Howard, A",
    year = "2004",
    month = "04",
    volume = "3",
    pages = "2149--2154",
    title = "Design and use paradigms for Gazebo, an open-source multi-robot simulator",
    journal = "IEEE/RSJ International Conference on Intelligent Robots and Systems"
}

@article{murosimf,
    author = {Friedmann, Martin and Petersen, Karen and Von Stryk, Oskar},
    year = {2008},
    month = {11},
    pages = "29--40",
    title = {Simulation of Multi-Robot Teams with Flexible Level of Detail},
    volume = {5325},
    journal = {Transactions of The Society for Modeling and Simulation International - SIMULATION}
}

@book{leemispark,
    author = "Leemis, Lawrence M. and Park, Stephen K.",
    year = "2006",
    title = "Discrete Event Simulation: A First Course",
    isbn = "9780131429178"
}
